
@article{francis_data_2011,
	title = {Data weighting in statistical fisheries stock assessment models},
	volume = {68},
	issn = {0706-652X},
	number = {6},
	journal = {Canadian Journal of Fisheries and Aquatic Sciences},
	author = {Francis, RIC Chris},
	year = {2011},
	note = {Publisher: NRC Research Press},
	pages = {1124--1138},
}

@article{methot_adjusting_2011,
	title = {Adjusting for bias due to variability of estimated recruitments in fishery assessment models},
	volume = {68},
	issn = {0706-652X},
	number = {10},
	journal = {Canadian Journal of Fisheries and Aquatic Sciences},
	author = {Methot, Richard D and Taylor, Ian G},
	year = {2011},
	note = {Publisher: NRC Research Press},
	pages = {1744--1760},
}

@article{jones_oregon_1960,
	title = {The {Oregon} trawl fishery for mink food 1948-1957},
	volume = {8},
	journal = {Fish Commission of Oregon Research Briefs},
	author = {Jones, Walter G and Harry, George Y},
	year = {1960},
	pages = {14--30},
}

@article{williams_status_2000,
	title = {Status of the widow rockfish resource in {Y2K}},
	journal = {Appendix to Status of the Pacific coast groundfish fishery through},
	author = {Williams, Erik H and MacCall, Alec D and Ralston, Stephen V and Pearson, Donald E},
	year = {2000},
}

@article{ralston_status_1997,
	title = {Status of the widow rockfish stock in 1997},
	journal = {Status of the Pacific coast groundfish fishery through},
	author = {Ralston, Stephen and Pearson, Donald},
	year = {1997},
}

@article{rogers_status_1993,
	title = {Status of the widow rockfish stock in 1993},
	journal = {Status of the Pacific coast groundfish fishery through},
	author = {Rogers, JB and Lenarz, WH},
	year = {1993},
}

@inproceedings{hightower_widow_1990,
	address = {Tiburon, California},
	title = {Widow {Rockfish} {Proceedings} of a workshop},
	author = {Hightower, Joseph E and Lenarz, William H},
	year = {1990},
}

@article{holland_bycatch_2019,
	title = {Bycatch quotas, risk pools, and cooperation in the {Pacific} whiting fishery},
	volume = {6},
	issn = {2296-7745},
	journal = {Frontiers in Marine Science},
	author = {Holland, Daniel S and Martin, Chris},
	year = {2019},
	note = {Publisher: Frontiers Media SA},
	pages = {600},
}

@inproceedings{lenarz_ageing_1980,
	title = {Ageing and growth of widow rockfish},
	author = {Lenarz, WILLIAM H},
	year = {1980},
	pages = {31--35},
}

@article{lenarz_widow_1987,
	title = {Widow rockfish: proceedings of a workshop, {Tiburon}, {California}, {December} 11-12, 1980},
	author = {Lenarz, William H and Gunderson, Donald Raymond},
	year = {1987},
}

@misc{national_marine_fisheries_service_nmfs_national_oceanic_and_atmospheric_administration_noaa_commerce_magnuson-stevens_2017,
	title = {Magnuson-{Stevens} {Act} {Provisions}; {Fisheries} {Off} {West} {Coast} {States}; {Pacific} {Coast} {Groundfish} {Fishery}; {Widow} {Rockfish} {Reallocation} in the {Individual} {Fishing} {Quota} {Fishery}},
	author = {{National Marine Fisheries Service (NMFS) National Oceanic and Atmospheric Administration (NOAA) Commerce}},
	year = {2017},
}

@article{hamel_development_2022,
	title = {Development and considerations for application of a longevity-based prior for the natural mortality rate},
	volume = {256},
	issn = {0165-7836},
	journal = {Fisheries Research},
	author = {Hamel, Owen S and Cope, Jason M},
	year = {2022},
	note = {Publisher: Elsevier},
	pages = {106477},
}

@article{thorson_nwfscageingerror_2012,
	title = {{nwfscAgeingError}: a user interface in {R} for the {Punt} et al.(2008) method for calculating ageing error and imprecision},
	author = {Thorson, James T and Stewart, Ian J and Punt, Andre E},
	year = {2012},
}

@article{love_life_1990,
	title = {Life history aspects of 19 rockfish species ({Scorpaenidae}: {Sebastes}) from the {Southern} {California} {Bight}},
	author = {Love, Milton S},
	year = {1990},
}

@inproceedings{barss_maturity_1987,
	title = {Maturity of widow rockfish {Sebastes} entomelas from the northeastern {Pacific}, 1977-82},
	author = {Barss, WH and Echeverria, T Wyllie},
	year = {1987},
	pages = {13--18},
}

@article{echeverria_thirty-four_1987,
	title = {Thirty-four species of {California} rockfishes: maturity and seasonality of reproduction.},
	volume = {85},
	issn = {0090-0656},
	number = {2},
	journal = {Fishery Bulletin},
	author = {Echeverria, T Wyllie},
	year = {1987},
	pages = {229--250},
}

@article{stewart_bootstrapping_2014,
	title = {Bootstrapping of sample sizes for length-or age-composition data used in stock assessments},
	volume = {71},
	issn = {0706-652X},
	number = {4},
	journal = {Canadian journal of fisheries and aquatic sciences},
	author = {Stewart, Ian J and Hamel, Owen S},
	year = {2014},
	note = {Publisher: NRC Research Press},
	pages = {581--588},
}

@techreport{stanley_shelf_1999,
	address = {Nanaimo, B.C.},
	title = {Shelf {Rockfish} {Assessment} for 1998 and {Reccomended} {Yield} {Options} for 1999},
	institution = {Fisheries and Oceans Canada},
	author = {Stanley, R},
	year = {1999},
}

@article{gunderson_great_1984,
	title = {The {Great} {Widow} {Rockfish} {Hunt} of 1980‐1982},
	volume = {4},
	issn = {0275-5947},
	number = {4B},
	journal = {North American Journal of Fisheries Management},
	author = {Gunderson, Donald R},
	year = {1984},
	note = {Publisher: Wiley Online Library},
	pages = {465--468},
}

@article{boehlert_fecundity_1982,
	title = {Fecundity of the widow rockfish, {Sebastes} entomelas, off the coast of {Oregon}.},
	volume = {80},
	journal = {Fishery bulletin United States, National Marine Fisheries Service},
	author = {Boehlert, George W and Barss, William H and Lamberson, Philip B},
	year = {1982},
}

@techreport{adams_status_2019,
	address = {Portland, Oregon},
	title = {Status of {Widow} {Rockfish} ({Sebastes} entomelas) {Along} the {U}.{S}. {West} {Coast} in 2019.},
	institution = {Pacific Fishery Management Council},
	author = {Adams, Grant and Kapur, Maia and McQuaw, Kristin and Hamel, Owen and Stephens, Andi and Wetzel, Chantel},
	year = {2019},
}

@techreport{taylor_status_nodate,
	title = {Status of the {Pacific} {Hake} (whiting) stock in {U}.{S}. and {Canadian} waters in 2015},
	institution = {Prepared by the Joint Technical Committee of the U.S. and Canada Pacific Hake/ Whiting Agreement; National Marine Fishery Service; Canada Department of Fisheries and Oceans.},
	author = {Taylor, Ian and Grandin, Chris and Hicks, Allan and Taylor, Nathan and Cox, Sean},
	pages = {159 p.},
}

@article{anderson_sdmtmb_2022,
	title = {{sdmTMB}: an {R} package for fast, flexible, and user-friendly generalized linear mixed effects models with spatial and spatiotemporal random fields},
	journal = {BioRxiv},
	author = {Anderson, Sean C and Ward, Eric J and English, Philina A and Barnett, Lewis AK},
	year = {2022},
	note = {Publisher: Cold Spring Harbor Laboratory},
	pages = {2022--03},
}

@article{stanley_estimation_2000,
	title = {Estimation of a widow rockfish ({Sebastes} entomelas) shoal off {British} {Columbia}, {Canada} as a joint exercise between stock assessment staff and the fishing industry},
	volume = {57},
	issn = {1095-9289},
	number = {4},
	journal = {ICES Journal of Marine Science},
	author = {Stanley, RD and Kieser, R and Cooke, K and Surry, AM and Mose, B},
	year = {2000},
	note = {Publisher: Oxford University Press},
	pages = {1035--1049},
}

@article{stewart_status_2007,
	title = {Status of the {US} canary rockfish resource in 2007},
	journal = {Pacific Fishery Management Council, Portland, OR},
	author = {Stewart, Ian J},
	year = {2007},
}

@article{stewart_comparison_2013,
	title = {A comparison of stock assessment uncertainty estimates using maximum likelihood and {Bayesian} methods implemented with the same model framework},
	volume = {142},
	issn = {0165-7836},
	journal = {Fisheries Research},
	author = {Stewart, Ian J and Hicks, Allan C and Taylor, Ian G and Thorson, James T and Wetzel, Chantell and Kupschus, Sven},
	year = {2013},
	note = {Publisher: Elsevier},
	pages = {37--46},
}

@book{tagart_review_1982,
	title = {Review of {Washington}'s coastal trawl rockfish fishery},
	publisher = {State of Washington, Department of Fisheries},
	author = {Tagart, Jack and Kimura, Daniel K},
	year = {1982},
}

@article{then_evaluating_2015,
	title = {Evaluating the predictive performance of empirical estimators of natural mortality rate using information on over 200 fish species},
	volume = {72},
	issn = {1054-3139},
	number = {1},
	journal = {ICES Journal of Marine Science},
	author = {Then, Amy Y and Hoenig, John M and Hall, Norman G and Hewitt, David A and {Handling editor: Ernesto Jardim}},
	year = {2015},
	note = {Publisher: Oxford University Press},
	pages = {82--92},
}

@article{thorson_accounting_2011,
	title = {Accounting for fish shoals in single-and multi-species survey data using mixture distribution models},
	volume = {68},
	issn = {0706-652X},
	number = {9},
	journal = {Canadian Journal of Fisheries and Aquatic Sciences},
	author = {Thorson, James T and Stewart, Ian J and Punt, Andre E},
	year = {2011},
	note = {Publisher: NRC Research Press},
	pages = {1681--1693},
}

@article{thorson_accounting_2013,
	title = {Accounting for space–time interactions in index standardization models},
	volume = {147},
	issn = {0165-7836},
	journal = {Fisheries Research},
	author = {Thorson, James T and Ward, Eric J},
	year = {2013},
	note = {Publisher: Elsevier},
	pages = {426--433},
}

@article{thorson_guidance_2019,
	title = {Guidance for decisions using the {Vector} {Autoregressive} {Spatio}-{Temporal} ({VAST}) package in stock, ecosystem, habitat and climate assessments},
	volume = {210},
	number = {February},
	journal = {Fisheries Research},
	author = {Thorson, James T},
	year = {2019},
	pages = {143--161},
}

@article{thorson_comparing_2017,
	title = {Comparing estimates of abundance trends and distribution shifts using single-and multispecies models of fishes and biogenic habitat},
	volume = {74},
	issn = {1054-3139},
	number = {5},
	journal = {ICES Journal of Marine Science},
	author = {Thorson, James T and Barnett, Lewis AK},
	year = {2017},
	note = {Publisher: Oxford University Press},
	pages = {1311--1321},
}

@article{weinberg_estimation_2002,
	title = {Estimation of tow distance and spatial heterogeneity using data from inclinometer sensors: an example using a clam survey dredge},
	volume = {55},
	issn = {0165-7836},
	number = {1-3},
	journal = {Fisheries Research},
	author = {Weinberg, James R and Rago, Paul J and Wakefield, W Waldo and Keith, Charles},
	year = {2002},
	note = {Publisher: Elsevier},
	pages = {49--61},
}

@article{wilkins_devewpment_1986,
	title = {{DEVEWPMENT} {AND} {EVAWATION} {OF} {METHODOWGIES} {FOR} {ASSESSING} {AND} {MONITORING} {THE} {ABUNDANCE} {OF} {WIDOW} {ROCKFISH}, {SEBASTES} {ENTOMELAS}},
	volume = {84},
	number = {2},
	journal = {Fishery Bulletin},
	author = {Wilkins, Mark E},
	year = {1986},
}

@article{zimmermann_influence_2003,
	title = {Influence of improved performance monitoring on the consistency of a bottom trawl survey},
	volume = {60},
	issn = {1095-9289},
	number = {4},
	journal = {ICES Journal of Marine Science},
	author = {Zimmermann, Mark and Wilkins, Mark E and Weinberg, Kenneth L and Lauth, Robert R and Shaw, Franklin R},
	year = {2003},
	note = {Publisher: Oxford University Press},
	pages = {818--826},
}

@techreport{john_c_field_status_2007,
	title = {Status of the {Chilipepper} rockfish, {Sebastes} goodei, in 2007},
	institution = {Pacific Fishery Management Council},
	author = {{John C. Field}},
	year = {2007},
}

@book{hicks_status_2009,
	title = {Status of greenstriped rockfish ({Sebastes} elongatus) along the outer coast of {California}, {Oregon}, and {Washington}},
	publisher = {National Marine Fisheries Service, Northwest Fisheries Science Center},
	author = {Hicks, Allan C and Haltuch, Melissa Ann and Wetzel, Chantell R},
	year = {2009},
}

@article{jarvis_effects_2008,
	title = {The effects of barotrauma on the catch-and-release survival of southern {California} nearshore and shelf rockfish ({Scorpaenidae}, {Sebastes} spp.)},
	volume = {65},
	issn = {0706-652X},
	number = {7},
	journal = {Canadian Journal of Fisheries and Aquatic Sciences},
	author = {Jarvis, Erica T and Lowe, Christopher G},
	year = {2008},
	pages = {1286--1296},
}

@article{holmberg_research_1962,
	title = {Research report on the {Washington} trawl fishery 1960 and 1961},
	journal = {State of Washington Department of Fisheries Research Division},
	author = {Holmberg, EK and DiDonato, GS and Pasquale, N and Laramie, RE},
	year = {1962},
}

@article{holmberg_research_1967,
	title = {Research report on the {Washington} trawl fishery 1962–1964},
	journal = {State of Washington Department of Fisheries Research Division},
	author = {Holmberg, EK and Day, D and Pasquale, N and Pattie, B},
	year = {1967},
}

@techreport{hicks_status_2015,
	address = {Portland, OR},
	title = {The {Status} of {Widow} {Rockfish} ({Sebastes} entomelas) {Along} the {U}.{S}. {West} {Coast} in 2015},
	institution = {Pacific Fishery Management Council},
	author = {Hicks, Allan and Wetzel, Chantel},
	year = {2015},
}

@techreport{he_status_2011,
	address = {Portland, OR},
	title = {Status of the widow rockfish resource in 2011},
	institution = {Pacific Fishery Management Council},
	author = {He, Xi and Pearson, Donald and Dick, E.J. and Field, John and Ralston, Stephen and MacCall, Alec},
	year = {2011},
}

@techreport{he_status_2009,
	address = {Portland, OR},
	title = {Status of the widow rockfish resource in 2009},
	institution = {Pacific Fishery Management Council},
	author = {He, Xi and Pearson, Donald and Dick, E.J. and Field, John and Ralston, Stephen and MacCall, Alec},
	year = {2009},
}

@article{hamel_method_2014,
	title = {A method for calculating a meta-analytical prior for the natural mortality rate using multiple life history correlates},
	volume = {72},
	issn = {1054-3139},
	number = {1},
	journal = {ICES Journal of Marine Science},
	author = {Hamel, Owen S},
	year = {2014},
	note = {Publisher: ICES/CIEM},
	pages = {62--69},
}

@article{francis_data_2011-1,
	title = {Data weighting in statistical fisheries stock assessment models},
	volume = {68},
	issn = {0706-652X},
	number = {6},
	journal = {Canadian Journal of Fisheries and Aquatic Sciences},
	author = {Francis, RIC Chris},
	year = {2011},
	note = {Publisher: NRC Research Press},
	pages = {1124--1138},
}

@article{fournier_ad_2012,
	title = {{AD} {Model} {Builder}: using automatic differentiation for statistical inference of highly parameterized complex nonlinear models},
	volume = {27},
	issn = {1055-6788},
	number = {2},
	journal = {Optimization Methods and Software},
	author = {Fournier, David A and Skaug, Hans J and Ancheta, Johnoel and Ianelli, James and Magnusson, Arni and Maunder, Mark N and Nielsen, Anders and Sibert, John},
	year = {2012},
	note = {Publisher: Taylor \& Francis},
	pages = {233--249},
}

@techreport{dfo_widow_1999,
	type = {{DFO} {Science} {Stock} {Status} {Report}},
	title = {Widow {Rockfish}},
	number = {A6-01},
	author = {{DFO}},
	year = {1999},
}

@techreport{gertseva_status_2013,
	address = {Portlan, OR},
	title = {Status of the darkblotched rockfish resource off the continental {U}.{S}. {Pacific} {Coast} in 2013},
	institution = {Pacific Fishery Management Council},
	author = {Gertseva, Vladlena and Thorson, Jim},
	year = {2013},
}

@book{fisheries_research_board_of_canada_biological_station_nanaimo_trawl_1967,
	title = {Trawl production by {Canadian} and {United} {States} vessels from grounds adjacent to {British} {Columbia} during the years 1954 to 1965, inclusive},
	author = {Fisheries Research Board of Canada. Biological Station (Nanaimo, BC) and Forrester, CR},
	year = {1967},
}

@article{douglas_species_1998,
	title = {Species composition of rockfish in catches by {Oregon} trawlers, 1963-93},
	author = {Douglas, David A},
	year = {1998},
}

@book{dick_modeling_2009,
	title = {Modeling the reproductive potential of rockfishes ({Sebastes} spp.)},
	isbn = {1-109-06750-X},
	publisher = {University of California, Santa Cruz},
	author = {Dick, Edward Joseph},
	year = {2009},
}

@article{bradburn_2003_2011,
	title = {The 2003 to 2008 {US} {West} {Coast} bottom trawl surveys of groundfish resources off {Washington}, {Oregon}, and {California}: estimates of distribution, abundance, length, and age composition},
	author = {Bradburn, Mark James and Keller, Aimee A and Horness, Beth Helene},
	year = {2011},
}

@article{adams_diet_1987,
	title = {The diet of widow rockfish {Sebastes} entomelas in northern {California}},
	volume = {48},
	journal = {NOAA Tech. Rep. NMFS},
	author = {Adams, PB},
	year = {1987},
	pages = {37--41},
}

@book{karnowski_historical_2014,
	title = {Historical {Reconstruction} of {Oregon}'s {Commercial} {Fisheries} {Landings}},
	publisher = {Oregon Department of Fish and Wildlife Gold Beach, OR, USA},
	author = {Karnowski, Mark and Gertseva, Vladlena and Stephens, Andi},
	year = {2014},
}

@article{mcallister_bayesian_1997,
	title = {Bayesian stock assessment using catch-age data and the sampling-importance resampling algorithm},
	volume = {54},
	issn = {0706-652X},
	number = {2},
	journal = {Canadian Journal of Fisheries and Aquatic Sciences},
	author = {McAllister, Murdoch K and Ianelli, James N},
	year = {1997},
	note = {Publisher: NRC Research Press Ottawa, Canada},
	pages = {284--300},
}

@article{punt_quantifying_2008,
	title = {Quantifying age-reading error for use in fisheries stock assessments, with application to species in {Australia}’s southern and eastern scalefish and shark fishery},
	volume = {65},
	issn = {0706-652X},
	number = {9},
	journal = {Canadian Journal of Fisheries and Aquatic Sciences},
	author = {Punt, André E and Smith, David C and KrusicGolub, Kyne and Robertson, Simon},
	year = {2008},
	pages = {1991--2005},
}

@article{ralston_meta-analytic_2011,
	title = {A meta-analytic approach to quantifying scientific uncertainty in stock assessments.},
	volume = {109},
	issn = {0090-0656},
	number = {2},
	journal = {Fishery Bulletin},
	author = {Ralston, Stephen and Punt, André E and Hamel, Owen S and DeVore, John D and Conser, Ramon J},
	year = {2011},
}

@article{rogers_species_2003,
	title = {Species allocation of {Sebastes} and {Sebastolobus} sp. caught by foreign countries from 1965 through 1976 off {Washington}, {Oregon}, and {California}, {USA}},
	author = {Rogers, Jean Beyer},
	year = {2003},
}

@article{thorson_steep_2019,
  title={Steepness for West Coast rockfishes: results from a twelve-year experiment in iterative regional meta-analysis},
  author={Thorson, James T and Dorn, Martin W and Hamel, Owen S},
  journal={Fisheries Research},
  volume={217},
  pages={11--20},
  year={2019},
  publisher={Elsevier}
}

@misc{lenarz_status_1984,
	title = {Status of the widow rockfish fishery},
	publisher = {y. Pacific Fishery Management Council. Portland, OR},
	author = {Lenarz, William},
	year = {1984},
}

@article{thorson_geostatistical_2015,
	title = {Geostatistical delta-generalized linear mixed models improve precision for estimated abundance indices for {West} {Coast} groundfishes},
	volume = {72},
	issn = {1095-9289},
	number = {5},
	journal = {ICES Journal of Marine Science},
	author = {Thorson, James T and Shelton, Andrew O and Ward, Eric J and Skaug, Hans J},
	year = {2015},
	note = {Publisher: Oxford University Press},
	pages = {1297--1310},
}

@article{helser_generalized_2004,
	title = {A generalized linear mixed model analysis of a multi-vessel fishery resource survey},
	volume = {70},
	issn = {0165-7836},
	number = {2-3},
	journal = {Fisheries Research},
	author = {Helser, Thomas E and Punt, André E and Methot, Richard D},
	year = {2004},
	note = {Publisher: Elsevier},
	pages = {251--264},
}

@article{thorson_accounting_2014,
	title = {Accounting for vessel effects when standardizing catch rates from cooperative surveys},
	volume = {155},
	issn = {0165-7836},
	journal = {Fisheries Research},
	author = {Thorson, James T and Ward, Eric J},
	year = {2014},
	note = {Publisher: Elsevier},
	pages = {168--176},
}

@book{wetzel_nwfscsurvey_2025,
	title = {{nwfscSurvey}: {Northwest} {Fisheries} {Science} {Center} {Survey}},
	url = {https://github.com/pfmc-assessments/nwfscSurvey},
	author = {Wetzel, Chantel R. and Johnson, Kelli F. and Hicks, Allan C.},
	year = {2025},
}

@article{pikitch_evaluation_1988,
	title = {An evaluation of the effectiveness of trip limits as a management tool},
	author = {Pikitch, Ellen K and Erickson, Daniel L and Wallace, John R},
	year = {1988},
}

@Article{taylor_2021_r4ss,
  title = {Beyond visualizing catch-at-age models: Lessons learned from the r4ss package about software to support stock assessments},
  author = {Ian G. Taylor and Kathryn L. Doering and Kelli F. Johnson and Chantel R. Wetzel and Ian J. Stewart},
  journal = {Fisheries Research},
  year = {2021},
  volume = {239},
  pages = {105924},
  url = {https://doi.org/10.1016/j.fishres.2021.105924},
}